@book{watrous2018theory,
  title={The theory of quantum information},
  author={Watrous, John},
  year={2018},
  publisher={Cambridge university press}
}

@article{entanglement_horodecki4,
  title = {Quantum entanglement},
  author = {Horodecki, Ryszard and Horodecki, Pawe\l{} and Horodecki, Micha\l{} and Horodecki, Karol},
  journal = {Rev. Mod. Phys.},
  volume = {81},
  issue = {2},
  pages = {865--942},
  numpages = {0},
  year = {2009},
  month = {Jun},
  publisher = {American Physical Society},
  doi = {10.1103/RevModPhys.81.865},
  url = {https://link.aps.org/doi/10.1103/RevModPhys.81.865}
}


@article{multipartite_spinchains,
  title={Multipartite entanglement in spin chains},
  author={G{\"u}hne, Otfried and T{\'o}th, G{\'e}za and Briegel, Hans J},
  journal={New Journal of Physics},
  volume={7},
  number={1},
  pages={229},
  year={2005},
  publisher={IOP Publishing}
}
@article{multipartite_fisher,
   title={Fisher information and multiparticle entanglement},
   volume={85},
   ISSN={1094-1622},
   url={http://dx.doi.org/10.1103/PhysRevA.85.022321},
   DOI={10.1103/physreva.85.022321},
   number={2},
   journal={Physical Review A},
   publisher={American Physical Society (APS)},
   author={Hyllus, Philipp and Laskowski, Wiesław and Krischek, Roland and Schwemmer, Christian and Wieczorek, Witlef and Weinfurter, Harald and Pezzé, Luca and Smerzi, Augusto},
   year={2012},
   month=feb }
